@phdthesis{norathesis,
  author       = {Nora Linn Strotjohann}, 
  title        = {Search for minute-scale transient neutrino
sources with IceCubeâ€™s optical follow-up
program},
  school       = {Humboldt University},
  year         = 2019,
  note         = {An optional note},
  doi          = "https://doi.org/10.18452/20700"
}